@book{OOAD,
    author    = "Craig Larman",
    title     = "Object-oriented analysis and design",
    year      = "2005",
    publisher = "",
    edition   = "3rd edition"
}
@book{ttda,
	author = "Robert Hirschfeld",
	editor = "",
	title = "Three Tier Distribution Architecture",
	year = "1996",
	url = "http://c2.com/cgi/wiki?ThreeTierDistributionArchitecture"
}
@book{scrumguide,
	author = "Ken Scwaber and Jeff Sutherland",
	editor = "",
	title = "The Scrum Guide",
	year = "October 2011",
	url = "http://www.scrum.org/Portals/0/Documents/Scrum%20Guides/Scrum_Guide.pdf"
}
@misc{scrumwise,
	author = "ScrumWise",
	title = "Scrum Wise",
	url = "http://www.scrumwise.com"
}